 @incollection{2pkt-jelia2021,
	author = {Ciatto, Giovanni and Calegari, Roberta and Omicini, Andrea},
	booktitle = {Logics in Artificial Intelligence},
	doi = {10.1007/978-3-030-75775-5\_27},
	editor = {Faber, Wolfgang and Friedrich, Gerhard and Gebser, Martin and Morak, Michael},
	keywords = {Prolog; Stream processing; 2P-Kt; State machine},
	note = {17th European Conference, JELIA 2021, Virtual Event, May 17--20, 2021, Proceedings},
	pages = {407--420},
	publisher = {Springer},
	series = {Lecture Notes in Computer Science},
	subseries = {Lecture Notes in Artificial Intelligence},
	title = {Lazy Stream Manipulation in {P}rolog via Backtracking: The Case of \twopkt{}},
	url = {http://link.springer.com/10.1007/978-3-030-75775-5\_27},
	volume = 12678,
	year = 2021} 

@manual{bibtex-patashnik88,
	author = {Patashnik, Oren},
	booktitle = {\BibTeXing},
	date-added = {2021-07-06 17:51:32 +0200},
	date-modified = {2021-07-06 18:13:21 +0200},
	month = {8~} # feb,
	organization = {CTAN, The Comprehensive TeX Archive Network},
	title = {\BibTeX{}ing},
	url = {http://mirrors.ctan.org/biblio/bibtex/base/btxdoc.pdf},
	year = 1988,
	Bdsk-Url-1 = {http://www.ctan.org/get/biblio/bibtex/contrib/doc/btxdoc.pdf}}
